<?xml version="1.0" encoding="UTF-8"?><record xmlns="http://www.loc.gov/MARC21/slim" xmlns:cinclude="http://apache.org/cocoon/include/1.0" xmlns:zs="http://www.loc.gov/zing/srw/">
  <leader>00526nz  a2200133n  4500</leader>
  <controlfield tag="001">nb2004314996</controlfield>
  <controlfield tag="003">DLC</controlfield>
  <controlfield tag="005">20050227063120.0</controlfield>
  <controlfield tag="008">050226n| acannaabn          |n aaa      </controlfield>
  <datafield tag="010" ind1=" " ind2=" ">
    <subfield code="a">nb2004314996</subfield>
  </datafield>
  <datafield tag="035" ind1=" " ind2=" ">
    <subfield code="a">(Uk)006122448</subfield>
  </datafield>
  <datafield tag="040" ind1=" " ind2=" ">
    <subfield code="a">Uk</subfield>
    <subfield code="b">eng</subfield>
    <subfield code="c">Uk</subfield>
  </datafield>
  <datafield tag="100" ind1="1" ind2=" ">
    <subfield code="a">Klafta, Jerome M.</subfield>
  </datafield>
  <datafield tag="670" ind1=" " ind2=" ">
    <subfield code="a">Advances in anesthesia and pain management, 2005:</subfield>
    <subfield code="b">t.p. (Jerome M. Klafta, MD) p.iii (Jerome M. Klafta, MD, Associate Professor and Associate Chair for Education, Dept. of Anesthesia and Critical Care, University of Chicago, Chicago, Ill.)</subfield>
  </datafield>
</record>